<record><leader>00000nas a2200000 i 4500</leader><controlfield tag="001">1002219739</controlfield><controlfield tag="006">m     o  d        </controlfield><controlfield tag="007">cr |||||||||||</controlfield><controlfield tag="008">170830d19111922fludn neo     0   a0eng  </controlfield><datafield ind1=" " ind2=" " tag="010"><subfield code="a">  2017218630</subfield></datafield><datafield ind1=" " ind2=" " tag="040"><subfield code="a">DLC</subfield><subfield code="b">eng</subfield><subfield code="e">rda</subfield><subfield code="c">DLC</subfield></datafield><datafield ind1="0" ind2=" " tag="022"><subfield code="a">2574-5689</subfield><subfield code="2">1</subfield></datafield><datafield ind1=" " ind2=" " tag="042"><subfield code="a">pcc</subfield><subfield code="a">nsdp</subfield></datafield><datafield ind1=" " ind2=" " tag="043"><subfield code="a">n-us-fl</subfield></datafield><datafield ind1="1" ind2="0" tag="050"><subfield code="a">ISSN RECORD</subfield></datafield><datafield ind1="1" ind2="0" tag="082"><subfield code="a">071</subfield><subfield code="2">23</subfield></datafield><datafield ind1=" " ind2="4" tag="222"><subfield code="a">The Lakeland evening telegram</subfield><subfield code="b">(Online)</subfield></datafield><datafield ind1="0" ind2="4" tag="245"><subfield code="a">The Lakeland evening telegram.</subfield></datafield><datafield ind1="1" ind2="3" tag="246"><subfield code="a">Evening telegram</subfield></datafield><datafield ind1=" " ind2="1" tag="264"><subfield code="a">Lakeland, Florida :</subfield><subfield code="b">[publisher not identified],</subfield><subfield code="c">1911-</subfield></datafield><datafield ind1=" " ind2=" " tag="300"><subfield code="a">1 online resource</subfield></datafield><datafield ind1=" " ind2=" " tag="310"><subfield code="a">Daily (except Sunday)</subfield></datafield><datafield ind1=" " ind2=" " tag="336"><subfield code="a">text</subfield><subfield code="b">txt</subfield><subfield code="2">rdacontent</subfield></datafield><datafield ind1=" " ind2=" " tag="337"><subfield code="a">computer</subfield><subfield code="b">c</subfield><subfield code="2">rdamedia</subfield></datafield><datafield ind1=" " ind2=" " tag="338"><subfield code="a">online resource</subfield><subfield code="b">cr</subfield><subfield code="2">rdacarrier</subfield></datafield><datafield ind1="1" ind2=" " tag="362"><subfield code="a">Began with vol. 1, no. 1 (Nov. 1, 1911); ceased August 31, 1922.</subfield></datafield><datafield ind1=" " ind2=" " tag="500"><subfield code="a">M.F. Hetherington, editor.</subfield></datafield><datafield ind1=" " ind2=" " tag="500"><subfield code="a">Publisher: Harry L. Brown, &lt;December 31, 1920&gt;.</subfield></datafield><datafield ind1=" " ind2=" " tag="530"><subfield code="a">Also issued on microfilm from the University of Florida.</subfield></datafield><datafield ind1=" " ind2=" " tag="580"><subfield code="a">Weekly ed.: Lakeland news (Lakeland, Fla.).</subfield></datafield><datafield ind1=" " ind2=" " tag="588"><subfield code="a">Description based on: Vol. 1, no. 1 (Nov. 1, 1911); title from masthead (Chroniclingamerica.loc.gov, viewed August 30, 2017).</subfield></datafield><datafield ind1=" " ind2=" " tag="588"><subfield code="a">Latest issue consulted: Vol. X, no. 53 (December 31, 1920) (Chroniclingamerica.loc.gov, viewed August 30, 2017).</subfield></datafield><datafield ind1=" " ind2="0" tag="651"><subfield code="a">Lakeland (Fla.)</subfield><subfield code="v">Newspapers.</subfield></datafield><datafield ind1=" " ind2="0" tag="651"><subfield code="a">Polk County (Fla.)</subfield><subfield code="v">Newspapers.</subfield></datafield><datafield ind1=" " ind2="7" tag="651"><subfield code="a">Florida</subfield><subfield code="z">Lakeland.</subfield><subfield code="2">fast</subfield><subfield code="0">(OCoLC)fst01216466</subfield></datafield><datafield ind1=" " ind2="7" tag="651"><subfield code="a">Florida</subfield><subfield code="z">Polk County.</subfield><subfield code="2">fast</subfield><subfield code="0">(OCoLC)fst01214944</subfield></datafield><datafield ind1=" " ind2="7" tag="655"><subfield code="a">Newspapers.</subfield><subfield code="2">fast</subfield><subfield code="0">(OCoLC)fst01423814</subfield></datafield><datafield ind1=" " ind2=" " tag="752"><subfield code="a">United States</subfield><subfield code="b">Florida</subfield><subfield code="c">Polk</subfield><subfield code="d">Lakeland.</subfield></datafield><datafield ind1="1" ind2=" " tag="775"><subfield code="t">Lakeland news (Lakeland, Fla.)</subfield></datafield><datafield ind1="1" ind2=" " tag="776"><subfield code="c">Microfilm</subfield><subfield code="d">George A. Smathers Libraries, University of Florida</subfield><subfield code="w">(DLC)sn 96027673</subfield><subfield code="w">(OCoLC)35446915</subfield></datafield><datafield ind1="0" ind2="8" tag="776"><subfield code="i">Originally issued in print:</subfield><subfield code="t">Lakeland evening telegram</subfield><subfield code="x">2574-5670</subfield><subfield code="w">(DLC)sn 95047222</subfield><subfield code="w">(OCoLC)33414061</subfield></datafield><datafield ind1="0" ind2="7" tag="785"><subfield code="t">Lakeland morning star (Lakeland, Fla. : 1921)</subfield></datafield><datafield ind1="0" ind2="7" tag="785"><subfield code="t">Lakeland star telegram</subfield></datafield><datafield ind1="4" ind2="0" tag="856"><subfield code="u">http://www.loc.gov/chroniclingamerica/lccn/sn95047222/issues</subfield></datafield></record>